<Doc xmlns:gs2="http://www.greenstone.org/gs2" file="HASH7c57\5f57a57c\fb45ab00\33s35.dir\doc.xml"  gs2:docOID="HASH7c575f57a57cfb45ab0033s35" gs2:mode="add">

<Sec  gs2:docOID="HASH7c575f57a57cfb45ab0033s35" gs2:mode="add">
&lt;pre&gt;
 LDR 01244cim  22003254a 4500
001     12951212
005     20030501195547.0
007     sd bumennmplue
008     020930s1992    caunnn         t    eng  
906    _a 7
       _b cbc
       _c orignew
       _d 4
       _e ncip
       _f 20
       _g y-soundrec
925 0  _a acquire
       _b 1 shelf copy
       _x policy default
955    _a vz17 2002-09-30
       _i vz17 2002-09-30
       _e vz17 2002-09-30
010    _a   2002593672
040    _a DLC
       _c DLC
       _d DLC
042    _a pcc
050 00 _a LPA 98621-LPA 98624
245 00 _a Lennon--the last interview
       _h [sound recording].
246 1  _i Title from audition:
       _a Lennon, his last interview, his greatest music
260    _a [Los Angeles] :
       _b Armed Forces Radio and Television Service,
       _c [1992]
300    _a 4 sound discs :
       _b analog, 33 1/3 rpm ;
       _c 12 in.
511 0  _a Earle Bailey, host.
500    _a AFRTS edition of a commercial radio program; includes
 information spot announcements.
500    _a Duration: 220:00.
600 10 _a Lennon, John,
       _d 1940-1980
       _v Interviews.
650  0 _a Rock music.
700 1  _a Bailey, Earle.
       _4 hst
700 1  _a Lennon, John,
       _d 1940-1980.
       _4 prf
710 2  _a Beatles.
       _4 prf
710 1  _a United States.
       _b Armed Forces Radio and Television Service.
710 2  _a AFRTS Collection (Library of Congress)
       _5 DLC
&lt;/pre&gt;
 
</Sec>


</Doc>
